<record><leader>00000cas a22000007a 4500</leader><controlfield tag="001">16014831</controlfield><controlfield tag="008">870622d18891890txuwr ne      0    0eng d</controlfield><controlfield tag="009">6576</controlfield><datafield ind1=" " ind2=" " tag="010"><subfield code="a">sn 87090377 </subfield></datafield><datafield ind1=" " ind2=" " tag="040"><subfield code="a">PPM</subfield><subfield code="b">eng</subfield><subfield code="c">PPM</subfield></datafield><datafield ind1=" " ind2=" " tag="042"><subfield code="a">msc</subfield></datafield><datafield ind1="0" ind2="0" tag="245"><subfield code="a">Waco weekly news.</subfield></datafield><datafield ind1=" " ind2=" " tag="260"><subfield code="a">Waco, Tex. :</subfield><subfield code="b">News Printing Co.,</subfield></datafield><datafield ind1=" " ind2=" " tag="310"><subfield code="a">Weekly</subfield></datafield><datafield ind1="0" ind2=" " tag="362"><subfield code="a">Vol. 1, no.18 (Sept. 27, 1889)-v. 1, no. 31 (Jan. 24, 1890).</subfield></datafield><datafield ind1=" " ind2=" " tag="752"><subfield code="a">United States</subfield><subfield code="b">Texas</subfield><subfield code="c">McLennan</subfield><subfield code="d">Waco.</subfield></datafield><datafield ind1="0" ind2=" " tag="775"><subfield code="t">Waco daily news</subfield><subfield code="w">(DLC)sn 86090136</subfield></datafield><datafield ind1="0" ind2="0" tag="780"><subfield code="t">Waco news</subfield><subfield code="w">(DLC)sn 87090386</subfield></datafield><datafield ind1="0" ind2="7" tag="785"><subfield code="t">Trade review</subfield><subfield code="w">(DLC)sn 87090741</subfield></datafield><datafield ind1="0" ind2="7" tag="785"><subfield code="t">Waco weekly news and trade review</subfield><subfield code="w">(DLC)sn 87090378</subfield></datafield></record>